@incollection{cinar_2015_android_quick_apis_reference,
  title={Android Platform},
  author={Cinar, Onur},
  booktitle={Android Quick APIs Reference},
  year={2015},
  address = {Apress, Berkeley, USA},
  publisher={Springer}
}

@incollection{allen2021introducingandroid,
  title={Introducing {A}ndroid},
  author={Allen, Grant},
  booktitle={Android for Absolute Beginners},
  year={2021},
  address = {Apress, Berkeley, USA},
  publisher={Springer}
}

@misc{android_jetpack_google, 
  title={Use Android Jetpack to accelerate your app development}, url={https://android-developers.googleblog.com/2018/05/use-android-jetpack-to-accelerate-your.html}, journal={Android Developers Blog}, 
  year={2018}, month={May}
}

@misc{android_kotlin_first, 
    title={Android's Kotlin-First Approach}, 
    url={https://developer.android.com/kotlin/first}, 
    journal={Android Developers},
    note = {Accessed: 23.05.2022}
} 

@misc{android_jetpack, 
    title={Android Jetpack}, 
    url={https://developer.android.com/jetpack}, 
    journal={Android Developers},
    note = {Accessed: 03.06.2022}
} 

@misc{android_jetpack_compose, 
    title={Jetpack Compose}, 
    url={https://developer.android.com/jetpack/compose}, 
    journal={Android Developers},
    note = {Accessed: 23.05.2022}
} 

@misc{android_thinking_in_compose, 
    title={Thinking in Compose}, 
    url={https://developer.android.com/jetpack/compose/mental-model},
    journal={Android Developers},
    note = {Accessed: 24.05.2022}
} 

@misc{android_state_compose, 
    title={State and Jetpack Compose}, 
    url={https://developer.android.com/jetpack/compose/state},
    journal={Android Developers},
    note = {Accessed: 24.05.2022}
} 

@misc{android_compose_phases, 
    title={Jetpack Compose Phases}, 
    url={https://developer.android.com/jetpack/compose/phases},
    journal={Android Developers},
    note = {Accessed: 01.06.2022}
} 

@misc{android_compose_layering, 
    title={Jetpack Compose architectural layering}, 
    url={https://developer.android.com/jetpack/compose/layering},
    journal={Android Developers},
    note = {Accessed: 01.06.2022}
} 

@misc{android_room, 
    title={Save data in a local database using Room},
    url={https://developer.android.com/training/data-storage/room},
    journal={Android Developers},
    note = {Accessed: 24.05.2022}
} 

 @misc{android_navigation, 
    title={Principles of navigation }, url={https://developer.android.com/guide/navigation/navigation-principles}, 
    journal={Android Developers}
} 

@misc{android_flows, 
    title={Kotlin flows on Android }, 
    url={https://developer.android.com/kotlin/flow}, 
    journal={Android Flows},
    note = {Accessed: 07.06.2022}
}

@misc{Figure_1,
    title={Figure 1},
    url={https://img.orangesoft.co/media/android-jetpack-components.png},
    journal={Jetpack Components}
}

@misc{Figure_2,
    title={Figure 2},
    url={https://developer.android.com/static/images/training/data-storage/room\_architecture.png},
    journal={Room Database}
}

@misc{Figure_3,
    title={Figure 3},
    url={https://miro.medium.com/max/1400/1*TPe93-NWXAili2anuyel4A.png},
    journal={Navigation Graph}
}